@misc{trello,
  author       = {Explanation of Trello tool}, 
  howpublished = {\newline https://trello.com/home},
  note         = {\newline Accessed: 08.12:2018}
}

@book{book_2015,
  title       = {An-Introduction-to-Statistical-Learning-with-Applications-in-R}, 
  author = {Gareth-James-Daniela-Witten-Trevor-Hastie-Robert-Tibshirani},
  year         = {2015}
}

